<record xmlns="http://www.loc.gov/MARC21/slim" xmlns:xsi="http://www.w3.org/2001/XMLSchema-instance" xsi:schemaLocation="http://www.loc.gov/MARC21/slim http://www.loc.gov/standards/marcxml/schema/MARC21slim.xsd"><leader>00537cz   2200205n  4500</leader><controlfield tag="001">oca00083000 </controlfield><controlfield tag="005">20001117133510.0</controlfield><controlfield tag="008">800812n| acannaab           |a aaa      </controlfield><datafield ind1=" " ind2=" " tag="010"><subfield code="a">n  50047921 </subfield></datafield><datafield ind1=" " ind2=" " tag="040"><subfield code="a">DLC</subfield><subfield code="c">DLC</subfield><subfield code="d">DLC</subfield></datafield><datafield ind1="0" ind2=" " tag="100"><subfield code="a">Sappho</subfield></datafield><datafield ind1="0" ind2=" " tag="400"><subfield code="a">Safo</subfield></datafield><datafield ind1="0" ind2=" " tag="400"><subfield code="a">Sapʻo</subfield></datafield><datafield ind1="0" ind2=" " tag="400"><subfield code="a">Saffo</subfield></datafield><datafield ind1="0" ind2=" " tag="400"><subfield code="a">Sapphus</subfield></datafield><datafield ind1="0" ind2=" " tag="400"><subfield code="a">Sapfo</subfield></datafield><datafield ind1="0" ind2=" " tag="500"><subfield code="a">Sapho</subfield></datafield><datafield ind1=" " ind2=" " tag="670"><subfield code="a">Mascioni, G. Saffo, 1981:</subfield><subfield code="b">t.p. (Saffo)</subfield></datafield><datafield ind1=" " ind2=" " tag="670"><subfield code="a">Sapʻos poeturi samqaro, 1991.</subfield></datafield><datafield ind1=" " ind2=" " tag="670"><subfield code="a">InU/3 cent. drama files</subfield><subfield code="b">(usage: Saffo; Sapphus; Sapfo; Sapho; Safo)</subfield></datafield></record>